@article{Raymond42,
  issn      = {00129658, 19399170},
  url       = {http://www.jstor.org/stable/1930126},
  author    = {Raymond L. Lindeman},
  journal   = {Ecology},
  number    = {4},
  pages     = {399--417},
  publisher = {Ecological Society of America},
  title     = {The Trophic-Dynamic Aspect of Ecology},
  volume    = {23},
  year      = {1942}
}

@article{Antrs2012,
  doi       = {10.1257/aer.102.3.412},
  url       = {https://doi.org/10.1257/aer.102.3.412},
  year      = {2012},
  month     = may,
  publisher = {American Economic Association},
  volume    = {102},
  number    = {3},
  pages     = {412--416},
  author    = {Pol Antr{\`{a}}s and Davin Chor and Thibault Fally and Russell Hillberry},
  title     = {Measuring the Upstreamness of Production and Trade Flows},
  journal   = {American Economic Review}
}

@article{MacKay2020,
  doi       = {10.1098/rsos.201138},
  url       = {https://doi.org/10.1098/rsos.201138},
  year      = {2020},
  month     = sep,
  publisher = {The Royal Society},
  volume    = {7},
  number    = {9},
  pages     = {201138},
  author    = {R. S. MacKay and S. Johnson and B. Sansom},
  title     = {How directed is a directed network?},
  journal   = {Royal Society Open Science}
}

@article{Bak1995,
  doi       = {10.1073/pnas.92.15.6689},
  url       = {https://doi.org/10.1073/pnas.92.15.6689},
  year      = {1995},
  month     = jul,
  publisher = {Proceedings of the National Academy of Sciences},
  volume    = {92},
  number    = {15},
  pages     = {6689--6696},
  author    = {P. Bak and M. Paczuski},
  title     = {Complexity,  contingency,  and criticality.},
  journal   = {Proceedings of the National Academy of Sciences}
}

@article{Brown2019,
  doi       = {10.1016/j.enpol.2019.110984},
  url       = {https://doi.org/10.1016/j.enpol.2019.110984},
  year      = {2019},
  month     = dec,
  publisher = {Elsevier {BV}},
  volume    = {135},
  pages     = {110984},
  author    = {Donal Brown and Stephen Hall and Mark E. Davis},
  title     = {Prosumers in the post subsidy era: an exploration of new prosumer business models in the {UK}},
  journal   = {Energy Policy}
}