@article{DomnguezGarca2016,
  doi = {10.1063/1.4953163},
  url = {https://doi.org/10.1063/1.4953163},
  year = {2016},
  month = jun,
  publisher = {{AIP} Publishing},
  volume = {26},
  number = {6},
  pages = {065308},
  author = {Virginia Dom{\'{\i}}nguez-Garc{\'{\i}}a and Samuel Johnson and Miguel A. Mu{\~{n}}oz},
  title = {Intervality and coherence in complex networks},
  journal = {Chaos: An Interdisciplinary Journal of Nonlinear Science}
}