@article{Raymond42,
 ISSN = {00129658, 19399170},
 URL = {http://www.jstor.org/stable/1930126},
 author = {Raymond L. Lindeman},
 journal = {Ecology},
 number = {4},
 pages = {399--417},
 publisher = {Ecological Society of America},
 title = {The Trophic-Dynamic Aspect of Ecology},
 volume = {23},
 year = {1942}
}

@article{Antrs2012,
  doi = {10.1257/aer.102.3.412},
  url = {https://doi.org/10.1257/aer.102.3.412},
  year = {2012},
  month = may,
  publisher = {American Economic Association},
  volume = {102},
  number = {3},
  pages = {412--416},
  author = {Pol Antr{\`{a}}s and Davin Chor and Thibault Fally and Russell Hillberry},
  title = {Measuring the Upstreamness of Production and Trade Flows},
  journal = {American Economic Review}
}

@article{MacKay2020,
  doi = {10.1098/rsos.201138},
  url = {https://doi.org/10.1098/rsos.201138},
  year = {2020},
  month = sep,
  publisher = {The Royal Society},
  volume = {7},
  number = {9},
  pages = {201138},
  author = {R. S. MacKay and S. Johnson and B. Sansom},
  title = {How directed is a directed network?},
  journal = {Royal Society Open Science}
}