@article{Miller1981,
  issn      = {0025570X, 19300980},
  url       = {http://www.jstor.org/stable/2690437},
  author    = {Kenneth S. Miller},
  journal   = {Mathematics Magazine},
  number    = {2},
  pages     = {67--72},
  publisher = {Mathematical Association of America},
  title     = {On the Inverse of the Sum of Matrices},
  volume    = {54},
  year      = {1981}
}

